<?xml version="1.0" encoding="UTF-8"?><collection xmlns="http://www.loc.gov/MARC21/slim"><record><leader>00330nam--2200133-i-4500</leader><controlfield tag="001">000003078</controlfield><controlfield tag="002">20161230</controlfield><controlfield tag="005">20161230201025</controlfield><controlfield tag="008">060222s1000------------r-----000-0-eng-d</controlfield><datafield ind1=" " ind2=" " tag="080"><subfield code="a">621.397</subfield></datafield><datafield ind1=" " ind2=" " tag="100"><subfield code="a">Bretz Rudy</subfield></datafield><datafield ind1=" " ind2=" " tag="245"><subfield code="a">Techniques of television production</subfield></datafield><datafield ind1=" " ind2=" " tag="260"><subfield code="a">New York, Mc Graw Hill, 1953 Xi + 473 P</subfield></datafield><datafield ind1=" " ind2=" " tag="852"><subfield code="a">11973</subfield></datafield></record></collection>